@inproceedings{node,
     author = {Chen, Ricky T. Q. and Rubanova, Yulia and Bettencourt, Jesse and Duvenaud, David K},
     booktitle = {Advances in Neural Information Processing Systems},
     editor = {S. Bengio and H. Wallach and H. Larochelle and K. Grauman and N. Cesa-Bianchi and R. Garnett},
     pages = {},
     publisher = {Curran Associates, Inc.},
     title = {Neural Ordinary Differential Equations},
     url = {https://proceedings.neurips.cc/paper/2018/file/69386f6bb1dfed68692a24c8686939b9-Paper.pdf},
     volume = {31},
     year = {2018}
}

@article{samuel59,
    author = {Samuel, Arthur L.},
    title = {Some Studies in Machine Learning Using the Game of Checkers}, 
    journal = {IBM Journal of Research and Development}, 
    year = {1959},
    volume = {3},
    number = {3},
    pages = {210-226},
}

@article{rosenblatt57,
    author = {Rosenblatt, Frank},
    title = {The perceptron - A perceiving and recognizing automaton},
    journal = {Cornell Aeronautical Laboratory},
    year = {1957},
    volume = {},
    number = {85-460-1},
}

@article{pitts43,
    author = {McCulloch, W.S. and Pitts, W.},
    title = {A logical calculus of the ideas immanent in nervous activity},
    journal = {Bulletin of Mathematical Biophysics},
    year = {1943},
    volume = {5},
    number = {4},
    pages = {115-133},
}

@book{perceptronsbook,
    author = {Minsky, Marvin and Papert, Seymour A.},
    title = {Perceptrons: An Introduction to Computational Geometry},
    publisher = {MIT Press},
    year = 1969,
    address = {Cambridge, MA, USA},
}

@article{backprop86,
    author = {Rumelhart, D. and Hinton, G. and Williams, R.},
    title = {Learning representations by back-propagating errors},
    journal = {Nature},
    year = {1986},
    volume = {323},
    pages = {533-536},
}

@INPROCEEDINGS{resnet,
    author={He, Kaiming and Zhang, Xiangyu and Ren, Shaoqing and Sun, Jian},
    booktitle={2016 IEEE Conference on Computer Vision and Pattern Recognition (CVPR)}, 
    title={Deep Residual Learning for Image Recognition}, 
    year={2016},
    volume={},
    number={},
    pages={770-778},
    doi={10.1109/CVPR.2016.90}
}

@ARTICLE{vanishinggradients,
    author={Bengio, Y. and Simard, P. and Frasconi, P.},
    journal={IEEE Transactions on Neural Networks}, 
    title={Learning long-term dependencies with gradient descent is difficult}, 
    year={1994},
    volume={5},
    number={2},
    pages={157-166},
    doi={10.1109/72.279181}
}

@book{mitchellmachinelearning,
    author = {Mitchell, T.},
    title = {Machine Learning},
    publisher = {McGraw-Hil},
    year = 1997,
}

@book{deeplearningbook,
    title={Deep Learning},
    author={Ian Goodfellow and Yoshua Bengio and Aaron Courville},
    publisher={MIT Press},
    note={\url{http://www.deeplearningbook.org}},
    year={2016}
}

@article{dopri,
    author = {Dormand, J. R. and Prince, P. J.},
    title = {A family of embedded Runge-Kutta formulae},
    journal = {Journal of Computational and Applied Mathematics},
    year = {1980},
    volume = {6},
    number = {1},
    pages = {19-26},
}

@book{pontryagin62,
    title={The mathematical theory of optimal processes},
    author={Pontryagin, L. S. and Mishchenko, E. F. and Boltyanskii, V. G. and Gamkrelidze, R. V.},
    year={1962}
}

@book{kreyszigfunctional,
    title={Introductory Functional Analysis with Applications},
    author={Kreyszig, E.},
    year={1978}
}

@book{dspbook,
    title={Digital Signal Processing},
    author={Manolakis, John G. and Proakis, Dimitris G.},
    publisher={Pearson},
    year={2013}
}

@misc{kingma2017adam,
      title={Adam: A Method for Stochastic Optimization}, 
      author={Diederik P. Kingma and Jimmy Ba},
      year={2017},
      eprint={1412.6980},
      archivePrefix={arXiv},
      primaryClass={cs.LG}
}

@inproceedings{matrixcookbook,
  title={The Matrix Cookbook},
  author={Petersen, Kaare Brandt and Pedersen, Michael Syskind},
  year={2008}
}

@misc{dupont2019augmented,
      title={Augmented Neural ODEs}, 
      author={Emilien Dupont and Arnaud Doucet and Yee Whye Teh},
      year={2019},
      eprint={1904.01681},
      archivePrefix={arXiv},
      primaryClass={stat.ML}
}


@article{timedependencenode,
  author    = {Jared Quincy Davis and
               Krzysztof Choromanski and
               Jake Varley and
               Honglak Lee and
               Jean{-}Jacques E. Slotine and
               Valerii Likhosterov and
               Adrian Weller and
               Ameesh Makadia and
               Vikas Sindhwani},
  title     = {Time Dependence in Non-Autonomous Neural ODEs},
  journal   = {CoRR},
  volume    = {abs/2005.01906},
  year      = {2020},
  url       = {https://arxiv.org/abs/2005.01906},
  eprinttype = {arXiv},
  eprint    = {2005.01906},
  timestamp = {Fri, 08 May 2020 15:04:04 +0200},
  biburl    = {https://dblp.org/rec/journals/corr/abs-2005-01906.bib},
  bibsource = {dblp computer science bibliography, https://dblp.org}
}
    
@inproceedings{hamiltoniannode,
    author = {Greydanus, Samuel and Dzamba, Misko and Yosinski, Jason},
    booktitle = {Advances in Neural Information Processing Systems},
    pages = {},
    publisher = {Curran Associates, Inc.},
    title = {Hamiltonian Neural Networks},
    url = {https://proceedings.neurips.cc/paper/2019/file/26cd8ecadce0d4efd6cc8a8725cbd1f8-Paper.pdf},
    volume = {32},
    year = {2019}
}

@misc{lagrangiannode,
    doi = {10.48550/ARXIV.2003.04630},
    url = {https://arxiv.org/abs/2003.04630},
    author = {Cranmer, Miles and Greydanus, Sam and Hoyer, Stephan and Battaglia, Peter and Spergel, David and Ho, Shirley},
    title = {Lagrangian Neural Networks},
    publisher = {arXiv},
    year = {2020},
}



@article{neuralsde,
  author    = {Xuanqing Liu and
               Tesi Xiao and
               Si Si and
               Qin Cao and
               Sanjiv Kumar and
               Cho{-}Jui Hsieh},
  title     = {Neural {SDE:} Stabilizing Neural {ODE} Networks with Stochastic Noise},
  journal   = {CoRR},
  volume    = {abs/1906.02355},
  year      = {2019},
  url       = {http://arxiv.org/abs/1906.02355},
  eprinttype = {arXiv},
  eprint    = {1906.02355},
  timestamp = {Sat, 23 Jan 2021 01:12:22 +0100},
  biburl    = {https://dblp.org/rec/journals/corr/abs-1906-02355.bib},
  bibsource = {dblp computer science bibliography, https://dblp.org}
}

@article{anodev2,
  author    = {Tianjun Zhang and
               Zhewei Yao and
               Amir Gholami and
               Kurt Keutzer and
               Joseph Gonzalez and
               George Biros and
               Michael W. Mahoney},
  title     = {{ANODEV2:} {A} Coupled Neural {ODE} Evolution Framework},
  journal   = {CoRR},
  volume    = {abs/1906.04596},
  year      = {2019},
  url       = {http://arxiv.org/abs/1906.04596},
  eprinttype = {arXiv},
  eprint    = {1906.04596},
  timestamp = {Fri, 01 May 2020 13:53:46 +0200},
  biburl    = {https://dblp.org/rec/journals/corr/abs-1906-04596.bib},
  bibsource = {dblp computer science bibliography, https://dblp.org}
}

@article{spectralnode,
  author    = {Alessio Quaglino and
               Marco Gallieri and
               Jonathan Masci and
               Jan Koutn{\'{\i}}k},
  title     = {Accelerating Neural ODEs with Spectral Elements},
  journal   = {CoRR},
  volume    = {abs/1906.07038},
  year      = {2019},
  url       = {http://arxiv.org/abs/1906.07038},
  eprinttype = {arXiv},
  eprint    = {1906.07038},
  timestamp = {Mon, 24 Jun 2019 17:28:45 +0200},
  biburl    = {https://dblp.org/rec/journals/corr/abs-1906-07038.bib},
  bibsource = {dblp computer science bibliography, https://dblp.org}
}

@misc{resnetlimitnode,
  doi = {10.48550/ARXIV.1906.12183},
  url = {https://arxiv.org/abs/1906.12183},
  author = {Avelin, Benny and Nystr√∂m, Kaj},
  title = {Neural ODEs as the Deep Limit of ResNets with constant weights},
  publisher = {arXiv},
  year = {2019},
}

@article{latentnode,
  author    = {Yulia Rubanova and
               Ricky T. Q. Chen and
               David Duvenaud},
  title     = {Latent ODEs for Irregularly-Sampled Time Series},
  journal   = {CoRR},
  volume    = {abs/1907.03907},
  year      = {2019},
  url       = {http://arxiv.org/abs/1907.03907},
  eprinttype = {arXiv},
  eprint    = {1907.03907},
  timestamp = {Wed, 17 Jul 2019 10:27:36 +0200},
  biburl    = {https://dblp.org/rec/journals/corr/abs-1907-03907.bib},
  bibsource = {dblp computer science bibliography, https://dblp.org}
}

@article{neuralcde,
  author    = {Patrick Kidger and
               James Morrill and
               James Foster and
               Terry J. Lyons},
  title     = {Neural Controlled Differential Equations for Irregular Time Series},
  journal   = {CoRR},
  volume    = {abs/2005.08926},
  year      = {2020},
  url       = {https://arxiv.org/abs/2005.08926},
  eprinttype = {arXiv},
  eprint    = {2005.08926},
  timestamp = {Wed, 29 Jul 2020 09:29:26 +0200},
  biburl    = {https://dblp.org/rec/journals/corr/abs-2005-08926.bib},
  bibsource = {dblp computer science bibliography, https://dblp.org}
}

@article{secondorderoptimizer,
  author    = {Guan{-}Horng Liu and
               Tianrong Chen and
               Evangelos A. Theodorou},
  title     = {Second-Order Neural {ODE} Optimizer},
  journal   = {CoRR},
  volume    = {abs/2109.14158},
  year      = {2021},
  url       = {https://arxiv.org/abs/2109.14158},
  eprinttype = {arXiv},
  eprint    = {2109.14158},
  timestamp = {Mon, 04 Oct 2021 17:22:25 +0200},
  biburl    = {https://dblp.org/rec/journals/corr/abs-2109-14158.bib},
  bibsource = {dblp computer science bibliography, https://dblp.org}
}



@article{onlineneuralcde,
  author    = {James Morrill and
               Patrick Kidger and
               Lingyi Yang and
               Terry J. Lyons},
  title     = {Neural Controlled Differential Equations for Online Prediction Tasks},
  journal   = {CoRR},
  volume    = {abs/2106.11028},
  year      = {2021},
  url       = {https://arxiv.org/abs/2106.11028},
  eprinttype = {arXiv},
  eprint    = {2106.11028},
  timestamp = {Tue, 29 Jun 2021 16:55:04 +0200},
  biburl    = {https://dblp.org/rec/journals/corr/abs-2106-11028.bib},
  bibsource = {dblp computer science bibliography, https://dblp.org}
}

@article{nodeevent,
  author    = {Ricky T. Q. Chen and
               Brandon Amos and
               Maximilian Nickel},
  title     = {Learning Neural Event Functions for Ordinary Differential Equations},
  journal   = {CoRR},
  volume    = {abs/2011.03902},
  year      = {2020},
  url       = {https://arxiv.org/abs/2011.03902},
  eprinttype = {arXiv},
  eprint    = {2011.03902},
  timestamp = {Thu, 12 Nov 2020 15:14:56 +0100},
  biburl    = {https://dblp.org/rec/journals/corr/abs-2011-03902.bib},
  bibsource = {dblp computer science bibliography, https://dblp.org}
}

@misc{sonode,
  doi = {10.48550/ARXIV.2006.07220},
  url = {https://arxiv.org/abs/2006.07220},
  author = {Norcliffe, Alexander and Bodnar, Cristian and Day, Ben and Simidjievski, Nikola and Li√≤, Pietro},
  title = {On Second Order Behaviour in Augmented Neural ODEs},
  publisher = {arXiv},
  year = {2020},
}

@article{sdegradients,
  author    = {Xuechen Li and
               Ting{-}Kam Leonard Wong and
               Ricky T. Q. Chen and
               David Duvenaud},
  title     = {Scalable Gradients for Stochastic Differential Equations},
  journal   = {CoRR},
  volume    = {abs/2001.01328},
  year      = {2020},
  url       = {http://arxiv.org/abs/2001.01328},
  eprinttype = {arXiv},
  eprint    = {2001.01328},
  timestamp = {Fri, 10 Jan 2020 13:10:19 +0100},
  biburl    = {https://dblp.org/rec/journals/corr/abs-2001-01328.bib},
  bibsource = {dblp computer science bibliography, https://dblp.org}
}

@article{graphhamiltonians,
  author    = {Alvaro Sanchez{-}Gonzalez and
               Victor Bapst and
               Kyle Cranmer and
               Peter W. Battaglia},
  title     = {Hamiltonian Graph Networks with {ODE} Integrators},
  journal   = {CoRR},
  volume    = {abs/1909.12790},
  year      = {2019},
  url       = {http://arxiv.org/abs/1909.12790},
  eprinttype = {arXiv},
  eprint    = {1909.12790},
  timestamp = {Wed, 02 Oct 2019 13:04:08 +0200},
  biburl    = {https://dblp.org/rec/journals/corr/abs-1909-12790.bib},
  bibsource = {dblp computer science bibliography, https://dblp.org}
}

@misc{finlay2020train,
      title={How to train your neural ODE: the world of Jacobian and kinetic regularization}, 
      author={Chris Finlay and J√∂rn-Henrik Jacobsen and Levon Nurbekyan and Adam M Oberman},
      year={2020},
      eprint={2002.02798},
      archivePrefix={arXiv},
      primaryClass={stat.ML}
}

@misc{massaroli2021dissecting,
      title={Dissecting Neural ODEs}, 
      author={Stefano Massaroli and Michael Poli and Jinkyoo Park and Atsushi Yamashita and Hajime Asama},
      year={2021},
      eprint={2002.08071},
      archivePrefix={arXiv},
      primaryClass={cs.LG}
}

@misc{graphnodes,
  doi = {10.48550/ARXIV.1911.07532},
  url = {https://arxiv.org/abs/1911.07532},
  author = {Poli, Michael and Massaroli, Stefano and Park, Junyoung and Yamashita, Atsushi and Asama, Hajime and Park, Jinkyoo},
  title = {Graph Neural Ordinary Differential Equations},
  publisher = {arXiv},
  year = {2019},
}


@misc{normalizingflows,
  doi = {10.48550/ARXIV.1505.05770},
  url = {https://arxiv.org/abs/1505.05770},
  author = {Rezende, Danilo Jimenez and Mohamed, Shakir},
  title = {Variational Inference with Normalizing Flows},
  publisher = {arXiv},
  year = {2015},
}


@misc{vae,
  doi = {10.48550/ARXIV.1312.6114},
  url = {https://arxiv.org/abs/1312.6114},
  author = {Kingma, Diederik P and Welling, Max},
  title = {Auto-Encoding Variational Bayes},
  publisher = {arXiv},
  year = {2013},
}


@misc{stableneuralflows,
  doi = {10.48550/ARXIV.2003.08063},
  url = {https://arxiv.org/abs/2003.08063},
  author = {Massaroli, Stefano and Poli, Michael and Bin, Michelangelo and Park, Jinkyoo and Yamashita, Atsushi and Asama, Hajime},
  title = {Stable Neural Flows},
  publisher = {arXiv},
  year = {2020},
}

@ARTICLE{graphnn,
author={Scarselli, Franco and Gori, Marco and Tsoi, Ah Chung and Hagenbuchner, Markus and Monfardini, Gabriele},
journal={IEEE Transactions on Neural Networks},
title={The Graph Neural Network Model},
year={2009},
volume={20},
number={1},
pages={61-80},
doi={10.1109/TNN.2008.2005605}
}

@misc{ode2vae,
  doi = {10.48550/ARXIV.1905.10994},
  url = {https://arxiv.org/abs/1905.10994},
  author = {Yƒ±ldƒ±z, Caƒüatay and Heinonen, Markus and L√§hdesm√§ki, Harri},
  title = {ODE$^2$VAE: Deep generative second order ODEs with Bayesian neural networks},
  publisher = {arXiv},
  year = {2019},
}

@misc{neuralsdegaussian,
  doi = {10.48550/ARXIV.1905.09883},
  url = {https://arxiv.org/abs/1905.09883},
  author = {Tzen, Belinda and Raginsky, Maxim},
  title = {Neural Stochastic Differential Equations: Deep Latent Gaussian Models in the Diffusion Limit},
  publisher = {arXiv},
  year = {2019},
}

@misc{dlgm,
  doi = {10.48550/ARXIV.1401.4082},
  url = {https://arxiv.org/abs/1401.4082},
  author = {Rezende, Danilo Jimenez and Mohamed, Shakir and Wierstra, Daan},
  title = {Stochastic Backpropagation and Approximate Inference in Deep Generative Models},
  publisher = {arXiv},
  year = {2014},
}

@misc{approxnode,
  doi = {10.48550/ARXIV.1907.12998},
  url = {https://arxiv.org/abs/1907.12998},
  author = {Zhang, Han and Gao, Xi and Unterman, Jacob and Arodz, Tom},
  title = {Approximation Capabilities of Neural ODEs and Invertible Residual Networks},
  publisher = {arXiv},
  year = {2019},
}
